<record><leader>00000cas a2200000 a 4500</leader><controlfield tag="001">57520289</controlfield><controlfield tag="006">m     o  d        </controlfield><controlfield tag="007">cr anu||||||||</controlfield><controlfield tag="008">050128d17951798pauwr nso     0    0eng c</controlfield><datafield ind1=" " ind2=" " tag="010"><subfield code="a">  2005255017</subfield></datafield><datafield ind1=" " ind2=" " tag="040"><subfield code="a">ZCU</subfield><subfield code="b">eng</subfield><subfield code="c">ZCU</subfield><subfield code="d">AMHNW</subfield><subfield code="d">GUA</subfield><subfield code="d">OCLCQ</subfield><subfield code="d">OCLCA</subfield><subfield code="d">OCLCF</subfield></datafield><datafield ind1="1" ind2=" " tag="029"><subfield code="a">AU@</subfield><subfield code="b">000026646997</subfield></datafield><datafield ind1="1" ind2=" " tag="029"><subfield code="a">AU@</subfield><subfield code="b">000044943493</subfield></datafield><datafield ind1="1" ind2=" " tag="029"><subfield code="a">AU@</subfield><subfield code="b">000045734148</subfield></datafield><datafield ind1=" " ind2=" " tag="042"><subfield code="a">pcc</subfield></datafield><datafield ind1=" " ind2=" " tag="043"><subfield code="a">n-us-pa</subfield></datafield><datafield ind1="1" ind2="4" tag="050"><subfield code="a">AP2</subfield></datafield><datafield ind1="0" ind2=" " tag="130"><subfield code="a">Philadelphia Minerva (Online)</subfield></datafield><datafield ind1="1" ind2="0" tag="245"><subfield code="a">Philadelphia Minerva</subfield><subfield code="h">[electronic resource].</subfield></datafield><datafield ind1=" " ind2=" " tag="260"><subfield code="a">Philadelphia [Pa.] :</subfield><subfield code="b">Woodruff &amp; Turner,</subfield><subfield code="c">1795-1798.</subfield></datafield><datafield ind1=" " ind2=" " tag="310"><subfield code="a">Weekly</subfield></datafield><datafield ind1="1" ind2=" " tag="362"><subfield code="a">Print began with vol. 1, no. 1 (Feb. 7, 1795).</subfield></datafield><datafield ind1="0" ind2=" " tag="362"><subfield code="a">-v. 4, no. 23 (July 7, 1798).</subfield></datafield><datafield ind1=" " ind2=" " tag="500"><subfield code="a">Publishers: Woodruff &amp; Pechin, July 25, 1795-Apr. 30, 1796; John Turner, May 7, 1796-Jan. 28, 1797; William T. Palmer, Feb. 4, 1797-July 7, 1798.</subfield></datafield><datafield ind1=" " ind2=" " tag="520"><subfield code="a">Containing a variety of fugitive pieces in prose, and poetry, original and selected (1795-1798).</subfield></datafield><datafield ind1=" " ind2=" " tag="525"><subfield code="a">Issue for July 7, 1798 includes supplement called: The Philadelphia Minerva-extra.</subfield></datafield><datafield ind1=" " ind2=" " tag="530"><subfield code="a">Also issued in print and on microfilm.</subfield></datafield><datafield ind1=" " ind2=" " tag="538"><subfield code="a">Mode of access: World Wide Web.</subfield></datafield><datafield ind1=" " ind2=" " tag="580"><subfield code="a">Print version of this title continued by a later title called: Desert to the true American.</subfield></datafield><datafield ind1=" " ind2=" " tag="588"><subfield code="a">Description based on: Vol. 1, iss. 4 (Feb. 28, 1795); title from v. contents page (Proquest, viewed Jan. 28, 2005).</subfield></datafield><datafield ind1=" " ind2="0" tag="651"><subfield code="a">Philadelphia (Pa.)</subfield><subfield code="v">Newspapers.</subfield></datafield><datafield ind1=" " ind2="0" tag="651"><subfield code="a">Philadelphia County (Pa.)</subfield><subfield code="v">Newspapers.</subfield></datafield><datafield ind1=" " ind2="7" tag="655"><subfield code="a">Newspapers.</subfield><subfield code="2">fast</subfield><subfield code="0">(OCoLC)fst01423814</subfield></datafield><datafield ind1=" " ind2="7" tag="651"><subfield code="a">Pennsylvania</subfield><subfield code="z">Philadelphia.</subfield><subfield code="2">fast</subfield><subfield code="0">(OCoLC)fst01204170</subfield></datafield><datafield ind1=" " ind2="7" tag="651"><subfield code="a">Pennsylvania</subfield><subfield code="z">Philadelphia County.</subfield><subfield code="2">fast</subfield><subfield code="0">(OCoLC)fst01217128</subfield></datafield><datafield ind1=" " ind2=" " tag="752"><subfield code="a">United States</subfield><subfield code="b">Pennsylvania</subfield><subfield code="c">Philadelphia</subfield><subfield code="d">Philadelphia.</subfield></datafield><datafield ind1="1" ind2=" " tag="776"><subfield code="t">Philadelphia Minerva</subfield><subfield code="w">(DLC)ca 10000050</subfield><subfield code="w">(OCoLC)4799387</subfield></datafield><datafield ind1="0" ind2="0" tag="785"><subfield code="t">Desert to the true American</subfield><subfield code="w">(OCoLC)50022581</subfield></datafield><datafield ind1="4" ind2="0" tag="856"><subfield code="u">http://proquest.umi.com/pqdweb?RQT=318&amp;VName=HNP&amp;pmid=40346</subfield></datafield><datafield ind1="4" ind2="0" tag="856"><subfield code="u">http://infoweb.newsbank.com/?db=EANX&amp;s_browseRef=decades/10CEB8F1447BA4E0/all.xml</subfield></datafield></record>